@article{greenwade93,
    author  = "George D. Greenwade",
    title   = "The {C}omprehensive {T}ex {A}rchive {N}etwork ({CTAN})",
    year    = "1993",
    journal = "TUGBoat",
    volume  = "14",
    number  = "3",
    pages   = "342--351"
}


@book{book1,
  author    = {Zofia Walczak}, 
  title     = {LaTeX. Wiersz po wierszu},
  publisher = {Wydawnictwo Uniwersytetu Łódzkiego},
  year      = 2014,
  edition   = 2,
  isbn      = {9788379691807}
}

@book{book2,
  author    = {Antoni Diller}, 
  title     = {LaTeX dla niecierpliwych. Część pierwsza. Wydanie drugie poprawione i uzupełnione (ebook)},
  publisher = {Helion},
  year      = 2001,
  isbn      = {8371973411}
}